<record>
  <controlfield tag="001">990079940640203331</controlfield>
  <controlfield tag="007">cr</controlfield>
  <controlfield tag="008">100504|1932</controlfield>
  <controlfield tag="009">AC08088803</controlfield>
  <datafield tag="035" ind1=" " ind2=" ">
    <subfield code="a">AC08088803</subfield>
  </datafield>
  <datafield tag="035" ind1=" " ind2=" ">
    <subfield code="a">(AT-OBV)AC08088803</subfield>
    <subfield code="a">(Aleph)007994064ACC01</subfield>
    <subfield code="a">(DE-599)OBVAC08088803</subfield>
  </datafield>
  <datafield tag="245" ind1="0" ind2="0">
    <subfield code="a">&lt;&lt;Die&gt;&gt; Internationale Werkbundsiedlung Wien 1932</subfield>
    <subfield code="c">hrsg. von Josef Frank</subfield>
  </datafield>
</record>
